
@misc{_BookShaders_,
  title = {The {{Book}} of {{Shaders}}},
  abstract = {Gentle step-by-step guide through the abstract and complex universe of Fragment Shaders.},
  file = {/Users/gllm/Zotero/storage/WFZAG48H/04.html},
  howpublished = {https://thebookofshaders.com/04/?lan=fr},
  journal = {The Book of Shaders}
}

@misc{_DetectingFaceFeatures_2020,
  title = {Detecting {{Face Features}} and {{Applying Filters}} with {{JavaScript}}},
  year = {2020},
  month = jul,
  abstract = {Learn how to use JavaScript to implement Snapchat like filters.},
  file = {/Users/gllm/Zotero/storage/NW8DKU35/detecting-face-features-and-applying-filters-with-javascript.html},
  howpublished = {https://livecodestream.dev/post/detecting-face-features-and-applying-filters-with-javascript/},
  language = {en}
}

@misc{_DzigaVertov_,
  title = {{Dziga Vertov}},
  file = {/Users/gllm/Zotero/storage/FNEFAJYT/www.artwiki.fr.html},
  howpublished = {http://www.artwiki.fr/?DzigaVertov},
  journal = {Art Wiki},
  language = {fr}
}

@misc{_EadwardMuybridge_,
  title = {{Eadward Muybridge}},
  file = {/Users/gllm/Zotero/storage/DRJWY3X8/www.artwiki.fr.html},
  howpublished = {http://www.artwiki.fr/?EdwardMuybridge},
  journal = {Art Wiki},
  language = {fr}
}

@misc{_EtienneJulesMarey_,
  title = {{Etienne-Jules Marey}},
  file = {/Users/gllm/Zotero/storage/ST2K32GV/www.artwiki.fr.html},
  howpublished = {http://www.artwiki.fr/?EtiennejulesMarey},
  journal = {Art Wiki},
  language = {fr}
}

@misc{_GeorgesMelies_,
  title = {{Georges M\'eli\`es}},
  howpublished = {http://www.artwiki.fr/?GeorgesMelies},
  journal = {Art Wiki},
  language = {fr}
}

@misc{_GlslcanvasVisualStudio_,
  title = {Glsl-Canvas - {{Visual Studio Marketplace}}},
  abstract = {Extension for Visual Studio Code - Live WebGL preview of GLSL shaders},
  file = {/Users/gllm/Zotero/storage/4M3DCR2R/items.html},
  howpublished = {https://marketplace.visualstudio.com/items?itemName=circledev.glsl-canvas},
  language = {en-us}
}

@misc{_GLSLSandboxGallery_,
  title = {{{GLSL Sandbox Gallery}}},
  howpublished = {http://glslsandbox.com/}
}

@misc{_GPUApproachConway_2020,
  title = {A {{GPU Approach}} to {{Conway}}'s {{Game}} of {{Life}}},
  year = {2020},
  file = {/Users/gllm/Zotero/storage/UZEFK6K9/10.html},
  howpublished = {https://nullprogram.com/blog/2014/06/10/}
}

@misc{_IASLonlineNetArtHistory_,
  title = {{{IASLonline NetArt}}: {{History}} of {{Computer Art IV}}.1 {{Video Tools}}},
  file = {/Users/gllm/Zotero/storage/T4J2EAUT/GCA-IV.1e.html},
  howpublished = {http://iasl.uni-muenchen.de/links/GCA-IV.1e.html\#Video}
}

@misc{_IASLonlineNetArtHistory_a,
  title = {{{IASLonline NetArt}}: {{History}} of {{Computer Art IV}}.1 {{Video Tools}}},
  file = {/Users/gllm/Zotero/storage/MW7T8HWI/GCA-IV.1e.html},
  howpublished = {http://iasl.uni-muenchen.de/links/GCA-IV.1e.html\#Video}
}

@misc{_IntroductionP5Js_,
  title = {Introduction to P5.Js Shaders},
  file = {/Users/gllm/Zotero/storage/Z2WR6JEP/p5js-shaders.html},
  howpublished = {https://itp-xstory.github.io/p5js-shaders/\#/}
}

@misc{_ISF_,
  title = {{{ISF}}},
  file = {/Users/gllm/Zotero/storage/GP4QPR34/examples.html},
  howpublished = {https://isf.video/examples/}
}

@misc{_ISFDocumentation_,
  title = {{{ISF Documentation}}},
  file = {/Users/gllm/Zotero/storage/2TSQKYTQ/docs.isf.video.html},
  howpublished = {https://docs.isf.video/}
}

@misc{_ISFShapeMakerTutorial_2019,
  title = {{{ISF}} "{{ShapeMaker}}" {{Tutorial Series}}},
  year = {2019},
  month = jan,
  abstract = {Introduction:  Hello!  My name is Colin Sebestyen, and I've worked with Vidvox to author a beginner friendly, human understandable introduction to the powerful ISF format. Every Wednesday, I'll be adding to this post a new video in a 18-part series that shows you how to make simple shapes and move them around with code in a method that would feel very familiar to someone using Processing or other simple creative coding environments. No prior code knowledge is necessary, we will go slowly and m...},
  file = {/Users/gllm/Zotero/storage/BPEAAXH6/633.html},
  howpublished = {https://discourse.vidvox.net/t/isf-shapemaker-tutorial-series/633},
  journal = {VIDVOX},
  language = {en}
}

@misc{_ISFVideo_,
  title = {{{ISF}}.Video},
  abstract = {Create interactive shaders to use on desktop, mobile and in the browser.},
  file = {/Users/gllm/Zotero/storage/5WMGU2XA/5e7a80447c113618206dee20.html},
  howpublished = {https://editor.isf.video/shaders/5e7a80447c113618206dee20},
  language = {en}
}

@misc{_JavascriptUserInterfaces_,
  title = {Javascript User Interfaces - {{The Dan MacKinlay}} Family of Variably-Well-Considered Enterprises},
  file = {/Users/gllm/Zotero/storage/FC4XKTPM/javascript_ui.html},
  howpublished = {https://danmackinlay.name/notebook/javascript\_ui.html},
  language = {en-us}
}

@article{_LogicielLibre_2020,
  title = {{Logiciel libre}},
  year = {2020},
  month = dec,
  abstract = {Un logiciel libre est un logiciel dont l'utilisation, l'\'etude, la modification et la duplication par autrui en vue de sa diffusion sont permises, techniquement et l\'egalement, ceci afin de garantir certaines libert\'es induites, dont le contr\^ole du programme par l'utilisateur et la possibilit\'e de partage entre individus. Ces droits peuvent \^etre simplement disponibles \textemdash{} cas du domaine public \textemdash{} ou bien \'etablis par une licence, dite \guillemotleft{} libre \guillemotright, bas\'ee sur le droit d'auteur. Les \guillemotleft{} licences copyleft \guillemotright{} garantissent le maintien de ces droits aux utilisateurs m\^eme pour les travaux d\'eriv\'es. Les logiciels libres constituent une alternative \`a ceux qui ne le sont pas, qualifi\'es de \guillemotleft{} propri\'etaires \guillemotright{} ou de \guillemotleft{} privateurs \guillemotright. Ces derniers sont alors consid\'er\'es par une partie de la communaut\'e du logiciel libre comme \'etant l'instrument d'un pouvoir injuste, en permettant au d\'eveloppeur de contr\^oler l'utilisateur. Le logiciel libre est souvent confondu \`a tort avec : les gratuiciels (freewares) : un gratuiciel est un logiciel gratuit propri\'etaire, alors qu'un logiciel libre se d\'efinit par les libert\'es accord\'ees \`a l'utilisateur. Si la nature du logiciel libre facilite et encourage son partage, ce qui tend \`a le rendre gratuit, elle ne s'oppose pas pour autant \`a sa rentabilit\'e principalement via des services associ\'es. Les r\'emun\'erations sont li\'ees par exemple aux travaux de cr\'eation, de d\'eveloppement, de mise \`a disposition et de soutien technique. D'un autre c\^ot\'e les logiciels gratuits ne sont pas n\'ecessairement libres, car leur code source n'est pas syst\'ematiquement accessible et leur licence peut ne pas correspondre \`a la d\'efinition du logiciel libre. l'open source : le logiciel libre, selon son initiateur, est un mouvement social qui repose sur les principes de Libert\'e, \'Egalit\'e, Fraternit\'e ; l'open source quant \`a lui, d\'ecrit pour la premi\`ere fois dans La Cath\'edrale et le Bazar, s'attache aux avantages d'une m\'ethode de d\'eveloppement au travers de la r\'eutilisation du code source.},
  annotation = {Page Version ID: 178062744},
  copyright = {Creative Commons Attribution-ShareAlike License},
  file = {/Users/gllm/Zotero/storage/U4Z7PKZ9/index.html},
  journal = {Wikip\'edia},
  language = {fr}
}

@misc{_MarcelDuchamp_,
  title = {{Marcel Duchamp}},
  file = {/Users/gllm/Zotero/storage/86EJ9597/www.artwiki.fr.html},
  howpublished = {http://www.artwiki.fr/?MarcelduchampEcologie},
  journal = {Art Wiki},
  language = {fr}
}

@misc{_Markdown_,
  title = {R {{Markdown}}},
  file = {/Users/gllm/Zotero/storage/FNFM7R45/rmarkdown.rstudio.com.html},
  howpublished = {https://rmarkdown.rstudio.com/}
}

@misc{_MinimalShaderEmbedded_,
  title = {Minimal Shader with Embedded Library},
  file = {/Users/gllm/Zotero/storage/W9RQG8KF/minimal.html},
  howpublished = {https://xemantic.github.io/shader-web-background/demo/minimal.html\#source}
}

@misc{_MotionDetectionPlay_2019,
  title = {Motion {{Detection}} - {{Play Drums}} with {{Webcam}}},
  year = {2019},
  month = oct,
  abstract = {To demonstrate motion detection, we are going to build a Virtual Drums Playground which will let you play the drums just by waving your hands in the air.},
  file = {/Users/gllm/Zotero/storage/IZHGMZPC/motion-detection-play-drums-with-webcam.html},
  journal = {Benson Technology},
  language = {en-US}
}

@misc{_NodeBasedShader_,
  title = {Node {{Based Shader Editor}} in {{WebGL}}},
  abstract = {Prototype Node Based Shader Editor in WebGL to edit and create materials interactively with nodes, where you can drag and drop textures and use multiple features similar to other editors},
  file = {/Users/gllm/Zotero/storage/J8VK5XWG/editor.html},
  howpublished = {https://victhorlopez.github.io/editor/},
  language = {en}
}

@misc{_OfBookChoreographiesHumans_,
  title = {{{ofBook}} - {{Choreographies}} for {{Humans}} and {{Stars}}},
  file = {/Users/gllm/Zotero/storage/KKEZR24B/project_eva.html},
  howpublished = {https://openframeworks.cc/ofBook/chapters/project\_eva.html}
}

@misc{_OfBookImageProcessing_,
  title = {{{ofBook}} - {{Image Processing}} and {{Computer Vision}}},
  file = {/Users/gllm/Zotero/storage/M77LUFCU/image_processing_computer_vision.html},
  howpublished = {https://openframeworks.cc/ofBook/chapters/image\_processing\_computer\_vision.html}
}

@misc{_OfBookIntroducingOpenGL_,
  title = {{{ofBook}} - {{Introducing OpenGL}} for {{OF}}},
  file = {/Users/gllm/Zotero/storage/QYUSCUSS/openGL.html},
  howpublished = {https://openframeworks.cc/ofBook/chapters/openGL.html}
}

@misc{_OfBookVersionControl_,
  title = {{{ofBook}} - {{Version}} Control with {{Git}}},
  file = {/Users/gllm/Zotero/storage/WPUC5PZM/version_control_with_git.html},
  howpublished = {https://openframeworks.cc/ofBook/chapters/version\_control\_with\_git.html}
}

@misc{_PalakisObswebsocket_,
  title = {Palakis/Obs-Websocket},
  abstract = {Remote-control OBS Studio through WebSockets. Contribute to Palakis/obs-websocket development by creating an account on GitHub.},
  file = {/Users/gllm/Zotero/storage/7U3S4DU5/protocol.html},
  howpublished = {https://github.com/Palakis/obs-websocket},
  journal = {GitHub},
  language = {en}
}

@misc{_QuestionArtVideo_,
  title = {La Question de l'art Vid\'eo | Esse Arts + Opinions},
  file = {/Users/gllm/Zotero/storage/UY6J9VWS/la-question-de-lart-video.html},
  howpublished = {https://esse.ca/fr/la-question-de-lart-video}
}

@article{_SteinaWoodyVasulka_2020,
  title = {Steina and {{Woody Vasulka}}},
  year = {2020},
  month = oct,
  abstract = {Steina Vasulka (born Steinunn Briem Bjarnadottir in 1940) and Woody Vasulka (born Bohuslav Va\v{s}ulka on 20 January 1937 \textendash{} 20 December 2019) are early pioneers of video art, and have been producing work since the early 1960s. The couple met in the early 1960s and moved to New York City in 1965, where they began showing video art at the Whitney Museum and founded The Kitchen in 1971. Steina and Woody both became Guggenheim fellows: Steina in 1976, and Woody in 1979.},
  annotation = {Page Version ID: 985077865},
  copyright = {Creative Commons Attribution-ShareAlike License},
  file = {/Users/gllm/Zotero/storage/X7YQHRX8/index.html},
  journal = {Wikipedia},
  language = {en}
}

@misc{_ThreeNodesJs_,
  title = {{{ThreeNodes}}.Js::0.2.0},
  howpublished = {http://idflood.github.io/ThreeNodes.js/index\_optimized.html\#example/particle1.json}
}

@misc{_TufteCSS_,
  title = {Tufte {{CSS}}},
  file = {/Users/gllm/Zotero/storage/AYCM758J/tufte-css.html},
  howpublished = {https://edwardtufte.github.io/tufte-css/}
}

@misc{_VideoOutRealeyz_2010,
  title = {Video {{Out}} | Realeyz},
  year = {2010},
  month = feb,
  file = {/Users/gllm/Zotero/storage/FDBBYAKX/meredith-finkelstein-paul-vlachos-video-out_cont695.html},
  howpublished = {https://web.archive.org/web/20100210024809/http://www.realeyz.tv/en/meredith-finkelstein-paul-vlachos-video-out\_cont695.html}
}

@misc{_WebGL2Fundamentals_,
  title = {{{WebGL2 Fundamentals}}},
  abstract = {Learn WebGL2 from the ground up. No magic},
  howpublished = {https://webgl2fundamentals.org},
  language = {en}
}

@misc{_WebGLColorAdjust_,
  title = {{{WebGL Color Adjust}}},
  file = {/Users/gllm/Zotero/storage/PXFMCM8X/color-adjust.html},
  howpublished = {http://webglsamples.org/color-adjust/color-adjust.html}
}

@misc{_WebGLElectricFlower_,
  title = {{{WebGL Electric Flower}}},
  howpublished = {http://webglsamples.org/electricflower/electricflower.html}
}

@misc{_WebglFluidSimulation_,
  title = {Webgl {{Fluid Simulation}}},
  abstract = {A WebGL fluid simulation that works in mobile browsers.},
  file = {/Users/gllm/Zotero/storage/B4XWWS52/WebGL-Fluid-Simulation.html},
  howpublished = {https://paveldogreat.github.io/WebGL-Fluid-Simulation/}
}

@misc{_WebGLFundamentals_,
  title = {{{WebGL Fundamentals}}},
  abstract = {Learn WebGL from the ground up. No magic},
  file = {/Users/gllm/Zotero/storage/8IU3Z4MM/webglfundamentals.org.html},
  howpublished = {https://webglfundamentals.org},
  language = {en}
}

@misc{_WebGLSamples_,
  title = {{{WebGL}} 2.0 {{Samples}}},
  file = {/Users/gllm/Zotero/storage/BZMFHFR9/WebGL2Samples.html},
  howpublished = {http://webglsamples.org/WebGL2Samples/\#transform\_feedback\_separated\_2}
}

@misc{_WebGLSamplesWebGLSamplesGithub_2021,
  title = {{{WebGLSamples}}/{{WebGLSamples}}.Github.Io},
  year = {2021},
  month = jan,
  abstract = {WebGL Samples and Examples. Contribute to WebGLSamples/WebGLSamples.github.io development by creating an account on GitHub.},
  copyright = {View license         ,                 View license},
  howpublished = {WebGL Samples}
}

@misc{_WebGLShadersGLSL_,
  title = {{{WebGL Shaders}} and {{GLSL}}},
  abstract = {What's a shader and what's GLSL},
  file = {/Users/gllm/Zotero/storage/FCZABAXE/webgl-shaders-and-glsl.html},
  howpublished = {https://webglfundamentals.org/webgl/lessons/webgl-shaders-and-glsl.html},
  language = {en}
}

@misc{_WorkshopUnity3D_2018,
  title = {[{{Workshop}}] {{Unity 3D}} for {{Artists}}},
  year = {2018},
  month = oct,
  abstract = {Fader's Portfolio Homepage},
  file = {/Users/gllm/Zotero/storage/EZRRTCKP/-workshop-unity-3d-for-artists.html},
  howpublished = {https://vjfader.com/},
  journal = {Fader}
}

@misc{a_NotZakiVscodeBookdown_2020,
  title = {{{notZaki}}/{{vscodeBookdown}}},
  author = {A, Zaki},
  year = {2020},
  month = sep,
  abstract = {Visual studio code extension with some tools for bookdown},
  keywords = {bookdown,markdown,pandoc,vscode}
}

@misc{allaire_RmarkdownDynamicDocuments_2020,
  title = {Rmarkdown: {{Dynamic Documents}} for {{R}}},
  shorttitle = {Rmarkdown},
  author = {Allaire, J. J. and Xie, Yihui and {cre} and McPherson, Jonathan and Luraschi, Javier and Ushey, Kevin and Atkins, Aron and Wickham, Hadley and Cheng, Joe and Chang, Winston and Iannone, Richard and Dunning, Andrew and {Atsushi Yasumoto} and Schloerke, Barret and Dervieux, Christophe and Aust, Frederik and Allen, Jeff and Seo, JooYoung and Barrett, Malcolm and Hyndman, Rob and Lesur, Romain and Storey, Roy and Arslan, Ruben and Oller, Sergio and RStudio and PBC and {library)}, jQuery Foundation (jQuery and library; authors listed in {inst/rmd/h/jquery-AUTHORS.txt)}, jQuery contributors (jQuery and library; authors listed in {inst/rmd/h/jqueryui-AUTHORS.txt)}, jQuery UI contributors (jQuery UI and {library)}, Mark Otto (Bootstrap and {library)}, Jacob Thornton (Bootstrap and {library)}, Bootstrap contributors (Bootstrap and Twitter and {library)}, Inc (Bootstrap and {library)}, Alexander Farkas (html5shiv and js {library)}, Scott Jehl (Respond and js {library)}, Ivan Sagalaev (highlight and {library)}, Greg Franko (tocify and {templates)}, John MacFarlane (Pandoc and Google and {library)}, Inc (ioslides and {library)}, Dave Raggett (slidy and {library)}, W3C (slidy and {Gandy  (Font-Awesome)}, Dave and Sperry  (Ionicons), Ben and Drifty (Ionicons) and StickyTabs), Aidan Lister (jQuery and {filter)}, Benct Philip Jonsson (pagebreak Lua and {filter)}, Albert Krewinkel (pagebreak Lua},
  year = {2020},
  month = dec,
  abstract = {Convert R Markdown documents into a variety of formats.},
  copyright = {GPL-3},
  keywords = {ReproducibleResearch}
}

@misc{allaire_RstudioRmarkdown_2014,
  title = {Rstudio/Rmarkdown},
  author = {Allaire, JJ and Yihui, Xie},
  year = {2014},
  abstract = {Dynamic Documents for R. Contribute to rstudio/rmarkdown development by creating an account on GitHub.},
  collaborator = {{Jonathan McPherson} and {Javier Luraschi} and Ushey, Kevin and Atkins, Aron and Wickham, Hadley and Cheng, Joe and Chang, Winston and Lannone, Richard},
  howpublished = {RStudio},
  keywords = {literate-programming,markdown,pandoc,r,r-package,rmarkdown}
}

@misc{amagi_VJingUnity_2018,
  title = {{{VJ}}-Ing with {{Unity}}},
  author = {Amagi, Takayosi},
  year = {2018},
  month = sep,
  abstract = {How I built my VJ system with Unity and performed},
  file = {/Users/gllm/Zotero/storage/NY8YJ97H/vj-ing-with-unity-e9736793e979.html},
  howpublished = {https://medium.com/@amagitakayosi/vj-ing-with-unity-e9736793e979},
  journal = {Medium},
  language = {en}
}

@book{arseneault_DocumentationExperimentale_2020,
  title = {Documentation Exp\'erimentale},
  author = {Arseneault, Guillaume},
  year = {2020},
  abstract = {This is a minimal example of using the bookdown package to write a book. The output format for this example is bookdown::gitbook.},
  file = {/Users/gllm/Zotero/storage/F2L5F65J/index.html}
}

@misc{associationofmovingimagearchivists_AmiaopensourceFfmpegartschool_2020,
  title = {Amiaopensource/Ffmpeg-Artschool},
  author = {{Association of Moving Image Archivists}},
  year = {2020},
  month = nov,
  abstract = {FFmpeg Artschool: An AMIA Workshop. Contribute to amiaopensource/ffmpeg-artschool development by creating an account on GitHub.},
  copyright = {GPL-3.0 License         ,                 GPL-3.0 License},
  howpublished = {AMIA Open Source}
}

@misc{associationofmovingimagearchivists_FFmpegArtschool_2020,
  title = {{{FFmpeg Artschool}}:},
  author = {{Association of Moving Image Archivists}},
  year = {2020},
  abstract = {FFmpeg Artschool: An AMIA Workshop},
  file = {/Users/gllm/Zotero/storage/3DAFTNBI/ffmpeg-artschool.html},
  howpublished = {https://amiaopensource.github.io/ffmpeg-artschool/},
  journal = {ffmpeg-artschool},
  language = {en-US}
}

@misc{delucchi_HowPublishBookdown_2020,
  title = {How to Publish Bookdown Projects with {{GitHub Actions}} on {{GitHub Pages}}},
  author = {Delucchi, Matteo},
  year = {2020},
  month = oct,
  abstract = {A 10 step guide to a pure GitHub workflow for hosting your R Markdown project on GitHub Pages.},
  howpublished = {https://medium.com/@delucmat/how-to-publish-bookdown-projects-with-github-actions-on-github-pages-6e6aecc7331e},
  journal = {Medium},
  language = {en}
}

@misc{edddisonfollow_VJingUnityEdddison_2020,
  title = {{{VJing}} in {{Unity}} + {{Edddison}}},
  author = {{edddisonFollow}},
  year = {2020},
  abstract = {VJing in Unity + Edddison: Hello All!edddison, based in Austria provides cutting-edge products for making 3D data interactive. Today we have a guest (gilead) showing us how he did use unity + edddison + fuze vjkit to make an interactive vj-application. We are proud that our s\ldots},
  file = {/Users/gllm/Zotero/storage/XTKJ5M9B/VJing-in-Unity-edddison.html},
  howpublished = {https://www.instructables.com/VJing-in-Unity-edddison/},
  journal = {Instructables},
  language = {en}
}

@book{grolemund_ChapterTufteHandouts_,
  title = {Chapter 6 {{Tufte Handouts}} | {{R Markdown}}: {{The Definitive Guide}}},
  shorttitle = {Chapter 6 {{Tufte Handouts}} | {{R Markdown}}},
  author = {Grolemund, J. J. Allaire, Garrett, Yihui Xie},
  abstract = {The first official book authored by the core R Markdown developers that provides a comprehensive and accurate reference to the R Markdown ecosystem. With R Markdown, you can easily create reproducible data analysis reports, presentations, dashboards, interactive applications, books, dissertations, websites, and journal articles, while enjoying the simplicity of Markdown and the great power of R and other languages.},
  file = {/Users/gllm/Zotero/storage/UHRLNPCI/tufte-handouts.html}
}

@misc{hughbailey_OpenBroadcasterSoftware_2016,
  title = {Open {{Broadcaster Software}}\textregistered ️ | {{OBS}}},
  author = {{Hugh Bailey}},
  year = {2016},
  file = {/Users/gllm/Zotero/storage/KGGDUAVU/fr.html},
  howpublished = {https://obsproject.com/fr}
}

@misc{june2nd_IntroductionShadersHTML5_,
  title = {An {{Introduction}} to {{Shaders}} - {{HTML5 Rocks}}},
  author = {June 2nd, Paul Lewis Published: and browser may not support the functionality in this {article}, 2011 Comments: 3 Your},
  abstract = {Want to learn about WebGL shaders but don't know where to start? I'm here to help!},
  file = {/Users/gllm/Zotero/storage/LMSQT53Z/shaders.html},
  howpublished = {https://www.html5rocks.com/en/tutorials/webgl/shaders/},
  journal = {HTML5 Rocks - A resource for open web HTML5 developers},
  language = {en}
}

@misc{kromer_FFmpegCookbookArchivists_2020,
  title = {{{FFmpeg Cookbook}} for {{Archivists}}},
  author = {Kromer, Reto},
  year = {2020\textendash 08\textendash 12},
  file = {/Users/gllm/Zotero/storage/MNM4W5TN/FFmpeg.html},
  howpublished = {https://avpres.net/FFmpeg/},
  journal = {FFmpeg Cookbook for Archivists},
  keywords = {ffmpeg,video}
}

@misc{leavillalba_AutreDanseLigne_,
  title = {{L'autre danse en ligne}},
  author = {{L\'ea Villalba}},
  abstract = {L'irruption du num\'erique dans les arts vivants a permis l'\'emergence de mod\`eles prometteurs.},
  file = {/Users/gllm/Zotero/storage/PCQLV9TD/grand-angle-l-autre-danse-en-ligne.html},
  howpublished = {https://www.ledevoir.com/culture/592128/grand-angle-l-autre-danse-en-ligne},
  journal = {Le Devoir},
  language = {fr}
}

@misc{marsh_ColorBarsVectorscope_2016,
  title = {Color Bars on Vectorscope},
  author = {Marsh, Alex},
  year = {2016},
  abstract = {Color bars in proper alignment with the Digital Production Center's vectorscope readout. Each letter stands for a color: red, magenta, blue, cyan, green and yellow.},
  file = {/Users/gllm/Zotero/storage/7YBYGZSJ/vectorscope.html},
  howpublished = {https://blogs.library.duke.edu/bitstreams/files/2016/06/vectorscope.jpg},
  type = {{{https://blogs.library.duke.edu/bitstreams/2016/06/23/color-bars-test-patterns/}}}
}

@misc{mignot_IdfloodThreeNodesJs_2021,
  title = {Idflood/{{ThreeNodes}}.Js},
  author = {Mignot, David},
  year = {2021},
  month = jan,
  abstract = {vvvv "clone" in javascript/webgl. Contribute to idflood/ThreeNodes.js development by creating an account on GitHub.},
  copyright = {View license         ,                 View license}
}

@misc{negidius_FuckAIWhich_,
  title = {Fuck the {{AI}} Which Is Abusing Your Reptilian Brain to Make You Addicted to Movies Instead of Art},
  author = {Negidius, Numerius},
  abstract = {A template of a website, providing experience similar to video streaming platforms, but this time featuring art projects},
  file = {/Users/gllm/Zotero/storage/V8YJAERS/fuck-the-ai-which-is-abusing-your-reptilian-brain-to-make-you-addicted-to-movies-instead-of-art.html},
  howpublished = {https://xemantic.github.io/fuck-the-ai-which-is-abusing-your-reptilian-brain-to-make-you-addicted-to-movies-instead-of-art},
  language = {en}
}

@misc{nemean_FastInverseSquare_2020,
  title = {Fast {{Inverse Square Root}} \textemdash{} {{A Quake III Algorithm}}},
  author = {{Nemean}},
  year = {2020},
  month = nov,
  abstract = {In this video we will take an in depth look at the fast inverse square root and see where the mysterious number 0x5f3759df comes from. This algorithm became famous after id Software open sourced the engine for Quake III. On the way we will also learn about floating point numbers and newton's method. 0:00 Introduction 1:23 Why Care? 3:21 The Code 4:18 IEEE 754 9:38 Bits and Numbers 12:09 1st Step: Evil Bit Hack 14:46 2nd Step: WTF 17:34 3rd Step: Newton 19:46 Summary}
}

@misc{nil_WritingShadersVS_2018,
  title = {Writing {{Shaders}} in {{VS Code}}: {{GLSL Setup}}},
  shorttitle = {Writing {{Shaders}} in {{VS Code}}},
  author = {Nil, Berrak},
  year = {2018},
  month = nov,
  abstract = {The Book of Shaders is an online book that teaches you the basics of writing fragment shaders. Not only it is completely free, it also\ldots},
  file = {/Users/gllm/Zotero/storage/G2P8SVAG/writing-shaders-in-vs-code-glsl-setup-391948580a9a.html},
  howpublished = {https://medium.com/@berraknil/writing-shaders-in-vs-code-glsl-setup-391948580a9a},
  journal = {Medium},
  language = {en}
}

@misc{peterkirn_1930sSovietOptical_2021,
  title = {1930s {{Soviet}} Optical Synthesis Animation Looks Positively Futuristic after {{4K}} Restoration},
  author = {{Peter Kirn}},
  year = {2021},
  month = jan,
  abstract = {It's synthesis from paper - sounds crafted quite literally by hand, using drawn animation, then optically synthesized. But after this 4K restoration, it's clear how much these 1930s inventors were ahead of their time.},
  file = {/Users/gllm/Zotero/storage/MDAB6S9M/1930s-soviet-optical-synthesis-animation-looks-positively-futuristic-after-4k-restoration.html},
  journal = {CDM Create Digital Music},
  language = {en-US}
}

@misc{pogoda_ShaderWebBackground_,
  title = {Shader Web Background},
  author = {Pogoda, Kazik},
  abstract = {A library displaying GLSL fragment shaders as a website background},
  file = {/Users/gllm/Zotero/storage/MWPCAEJA/shader-web-background.html},
  howpublished = {https://xemantic.github.io/shader-web-background/},
  language = {en}
}

@misc{ruan_BensonruanSelfieAnywhere_2020,
  title = {Bensonruan/{{Selfie}}-{{Anywhere}}},
  author = {Ruan, Benson},
  year = {2020},
  month = dec,
  abstract = {Selfie Anywhere. Contribute to bensonruan/Selfie-Anywhere development by creating an account on GitHub.},
  copyright = {MIT License         ,                 MIT License},
  keywords = {artificial-intelligence,body-pix,bodypix,computer-vision,instance-segmentation,javascript,machine-learning,person-segmentation,selfieapp,tensorflowjs,webcam}
}

@misc{ruan_VirtualBackgroundWebcam_2020,
  title = {Virtual {{Background}} in {{Webcam}} with {{Body Segmentation Technique}}},
  author = {Ruan, Benson},
  year = {2020},
  month = may,
  abstract = {Webcam background change is not limited to Zoom now, I just did it in the browser with tensorflow.js body-pix model},
  file = {/Users/gllm/Zotero/storage/ETRARA95/virtual-background-in-webcam-with-body-segmentation-technique-fc8106ca3038.html},
  howpublished = {https://towardsdatascience.com/virtual-background-in-webcam-with-body-segmentation-technique-fc8106ca3038},
  journal = {Medium},
  language = {en}
}

@misc{scottdravesandtheelectricsheep_Electricsheepflock244325001_2020,
  title = {Electricsheep-Flock-244-32500-1},
  author = {{Scott Draves and the Electric Sheep}},
  year = {2020},
  abstract = {Archive of flock 244 of the Electric Sheep, see http://electricsheep.org and http://scottdraves.com},
  copyright = {http://creativecommons.org/licenses/by-nc/3.0/us/},
  keywords = {algorithm,alife,art,draves,electricsheep,evolution,spotworks}
}

@misc{stallman_GnuOrg_1983,
  title = {Gnu.Org},
  author = {Stallman, Richard},
  year = {1983},
  file = {/Users/gllm/Zotero/storage/GMP2LLSC/manifesto.en.html},
  howpublished = {https://www.gnu.org/gnu/manifesto.en.html},
  language = {en}
}

@misc{takahashi_KeijiroMinis_2021,
  title = {Keijiro/{{Minis}}},
  author = {Takahashi, Keijiro},
  year = {2021},
  month = jan,
  abstract = {Minis: MIDI Input for New Input System -- A plugin that adds MIDI input support to Unity's new Input System},
  copyright = {View license         ,                 View license},
  keywords = {midi,unity,unity3d}
}

@misc{takahashi_KeijiroVJUI_2021,
  title = {Keijiro/{{VJUI}}},
  author = {Takahashi, Keijiro},
  year = {2021},
  month = jan,
  abstract = {Custom UI controls for VJing with Unity. Contribute to keijiro/VJUI development by creating an account on GitHub.},
  copyright = {Unlicense License         ,                 Unlicense License},
  keywords = {ui,unity,unity3d}
}

@misc{torvalds_Git_2006,
  title = {Git},
  author = {Torvalds, Linus},
  year = {2006},
  file = {/Users/gllm/Zotero/storage/LQ354SAG/git-scm.com.html},
  howpublished = {https://git-scm.com/}
}

@misc{ueda_IkuyadeuVscodeR_2021,
  title = {Ikuyadeu/Vscode-{{R}}},
  author = {Ueda, Yuki},
  year = {2021},
  month = jan,
  abstract = {R Extension for Visual Studio Code (execution, snippet, lint, R documantation, R Markdown)},
  copyright = {MIT License         ,                 MIT License},
  keywords = {gitignore,r,rmarkdown,snippets,vscode,vscode-extension}
}

@misc{umutbebek_UmutbebekShadertoytounityURP_2021,
  title = {Umutbebek/Shadertoy-to-Unity-{{URP}}},
  author = {{umutbebek}},
  year = {2021},
  month = jan,
  abstract = {Shadertoy shaders to unity Universal SRP screenspace shaders},
  copyright = {GPL-3.0 License         ,                 GPL-3.0 License}
}

@misc{wallace_EvanwWebglfilter_2021,
  title = {Evanw/Webgl-Filter},
  author = {Wallace, Evan},
  year = {2021},
  month = jan,
  abstract = {An image editor in WebGL. Contribute to evanw/webgl-filter development by creating an account on GitHub.},
  copyright = {MIT License         ,                 MIT License}
}

@misc{wessels_FFmpegCookbook_2017,
  title = {{{FFmpeg Cookbook}}},
  author = {Wessels, Greg},
  year = {2017},
  file = {/Users/gllm/Zotero/storage/Y98NA3SS/ffmpeg-cookbook.html},
  howpublished = {http://www.gregwessels.com/dev/2017/04/25/ffmpeg-cookbook.html}
}

@misc{xie_BookdownAuthoringBooks_2020,
  title = {Bookdown: {{Authoring Books}} and {{Technical Documents}} with {{R Markdown}}},
  shorttitle = {Bookdown},
  author = {Xie, Yihui and Allaire, J. J. and Kim, Albert and {Samuel-Rosa}, Alessandro and Oles, Andrzej and Yasumoto, Atsushi and Frederik, Aust and Quast, Bastiaan and Marwick, Ben and Ismay, Chester and Dervieux, Christophe and Franklund, Clifton and Emaasit, Daniel and Shuman, David and Attali, Dean and Tyre, Drew and Valentiner, Ellis and van Dunne, Frans and Wickham, Hadley and Allen, Jeff and Bryan, Jennifer and McPhers, Jonathan and Seo, JooYoung and Robbins, Joyce and Huang, Junwen and Cheung, Kevin and Ushey, Kevin and Seonghyun, Kim and Muller, Kirill and Selzer, Luciano and Lincoln, Matthew and Held, Maximilian and Sachs, Michael and Bojanowski, Michal and Werth, Nathan and Ross, Noam and Hickey, Peter and Lesur, Romain and Bhatnagar, Sahir and Simpson, Steve and Onkelinx, Thierry and Fulco, Vincent and Qiu, Yixuan and Dong, Zhuoer and RStudio and PBC and {plugin)}, Bartek Szopka (The jQuery Highlight and js {library)}, Zeno Rocha (clipboard and {library)}, jQuery Foundation (jQuery and library; authors listed in {inst/resources/AUTHORS)}, jQuery contributors (jQuery and library; authors listed in {inst/resources/AUTHORS)}, MathQuill contributors (The MathQuill and gitbook {style}, FriendCode Inc (The and {modifications)}, with},
  year = {2020},
  month = oct,
  abstract = {Output formats and utilities for authoring books and technical documents with R Markdown.},
  copyright = {GPL-3}
}

@misc{zhai_WebGLFrameworksThree_2020,
  title = {{{WebGL Frameworks}}: {{Three}}.Js vs {{Babylon}}.Js},
  shorttitle = {{{WebGL Frameworks}}},
  author = {Zhai, Sean},
  year = {2020},
  month = sep,
  abstract = {Battle for the Best WebGL Frameworks: the Story as I told It},
  file = {/Users/gllm/Zotero/storage/L6AQ7R3D/webgl-frameworks-three-js-vs-babylon-js-36975d915694.html},
  howpublished = {https://medium.com/javascript-in-plain-english/webgl-frameworks-three-js-vs-babylon-js-36975d915694},
  journal = {Medium},
  language = {en}
}


